@article{Gettys90,
   author = {Jim Gettys and Phil Karlton and Scott McGregor},
   title = {The {X} Window System, Version 11},
   journal = {Software Practice and Experience},
   volume = {20},
   number = {S2},
   year = {1990},
   abstract = {A technical overview of the X11 functionality.  This is an update
of the X10 TOG paper by Scheifler \& Gettys.}
}

@article{Audu18,
   author = {Audu, M.L., Naji, A. A., Odle, B.M., and Triolo, R.J.},
   title = {A Sensor Fusion Algorithm for Estimating Center of Mass Kinematics in Human Walking},
   journal = {42nd Annual Meeting of the American Society of Biomechanics},
   address = {Rochester, MN, USA},
   month = {Aug 8-13},
   year = {2018},
}