@incollection{Audu18,
	author = {Audu, M.L. and Naji, A.A. and Odle, B.M. and Triolo, R.J.},
	title = {A Sensor Fusion Algorithm for Estimating Center of Mass Kinematics in Human Walking},
	booktitle = {42nd Annual Meeting of the American Society of Biomechanics},
	address = {Rochester, MN, USA},
	month = {Aug 8-13},
	year = {2018},
}